<record><leader>00000cas a22000007a 4500</leader><controlfield tag="001">16838618</controlfield><controlfield tag="008">871010d18811987iauwr ne      0    0eng d</controlfield><datafield ind1=" " ind2=" " tag="010"><subfield code="a">sn 87057626 </subfield></datafield><datafield ind1=" " ind2=" " tag="040"><subfield code="a">INP</subfield><subfield code="b">eng</subfield><subfield code="c">INP</subfield><subfield code="d">OCLCQ</subfield></datafield><datafield ind1=" " ind2=" " tag="042"><subfield code="a">msc</subfield></datafield><datafield ind1="0" ind2="4" tag="245"><subfield code="a">The Oakland acorn.</subfield></datafield><datafield ind1="3" ind2="0" tag="246"><subfield code="a">Oakland daily acorn</subfield></datafield><datafield ind1="1" ind2="3" tag="246"><subfield code="a">Acorn</subfield></datafield><datafield ind1=" " ind2=" " tag="260"><subfield code="a">Oakland, Iowa :</subfield><subfield code="b">W.C. Hills,</subfield><subfield code="c">-1987.</subfield></datafield><datafield ind1=" " ind2=" " tag="300"><subfield code="a">v.</subfield></datafield><datafield ind1=" " ind2=" " tag="310"><subfield code="a">Weekly,</subfield><subfield code="b">&lt;Sept. 10, 1903&gt;-Mar. 26, 1987</subfield></datafield><datafield ind1=" " ind2=" " tag="321"><subfield code="a">Weekly,</subfield><subfield code="b">&lt;May 7-Aug. 20, 1903&gt;</subfield></datafield><datafield ind1=" " ind2=" " tag="321"><subfield code="a">Daily,</subfield><subfield code="b">&lt;Sept. 2-4, 1903&gt;</subfield></datafield><datafield ind1="1" ind2=" " tag="362"><subfield code="a">Began in 1881.</subfield></datafield><datafield ind1="0" ind2=" " tag="362"><subfield code="a">-106th year, no. 13 (Mar. 26, 1987).</subfield></datafield><datafield ind1=" " ind2=" " tag="500"><subfield code="a">Published as: The Oakland daily acorn, &lt;Sept. 2-4, 1903&gt;.</subfield></datafield><datafield ind1=" " ind2=" " tag="500"><subfield code="a">Publisher varies.</subfield></datafield><datafield ind1=" " ind2=" " tag="588"><subfield code="a">Description based on: Vol. 23, no. 5 (May 7, 1903).</subfield></datafield><datafield ind1=" " ind2=" " tag="752"><subfield code="a">United States</subfield><subfield code="b">Iowa</subfield><subfield code="c">Pottawattamie</subfield><subfield code="d">Oakland.</subfield></datafield><datafield ind1="0" ind2="7" tag="785"><subfield code="t">Botna Valley times</subfield></datafield><datafield ind1="0" ind2="7" tag="785"><subfield code="t">Acorn-times</subfield><subfield code="w">(DLC)sn 87057627</subfield></datafield></record>